@article{di2017blockchain,
  title={What is the blockchain?},
  author={Di Pierro, Massimo},
  journal={Computing in Science \& Engineering},
  volume={19},
  number={5},
  pages={92--95},
  year={2017},
  publisher={IEEE}
}
@INPROCEEDINGS{7765669,
  author={Mišura, Krešimir and Žagar, Mario},
  booktitle={2016 International Conference on Smart Systems and Technologies (SST)}, 
  title={Data marketplace for Internet of Things}, 
  year={2016},
  volume={},
  number={},
  pages={255-260},
  doi={10.1109/SST.2016.7765669}}
@article{voigt2017eu,
  title={The eu general data protection regulation (gdpr)},
  author={Voigt, Paul and Von dem Bussche, Axel},
  journal={A Practical Guide, 1st Ed., Cham: Springer International Publishing},
  volume={10},
  number={3152676},
  pages={10--5555},
  year={2017},
  publisher={Springer}
}
@inproceedings{ozyilmaz2018idmob,
  title={IDMoB: IoT data marketplace on blockchain},
  author={{\"O}zyilmaz, Kazim Rifat and Do{\u{g}}an, Mehmet and Yurdakul, Arda},
  booktitle={2018 crypto valley conference on blockchain technology (CVCBT)},
  pages={11--19},

  year={2018},
  organization={IEEE}
}
@inproceedings{androulaki2018hyperledger,
  title={Hyperledger fabric: a distributed operating system for permissioned blockchains},
  author={Androulaki, Elli and Barger, Artem and Bortnikov, Vita and Cachin, Christian and Christidis, Konstantinos and De Caro, Angelo and Enyeart, David and Ferris, Christopher and Laventman, Gennady and Manevich, Yacov and others},
  booktitle={Proceedings of the thirteenth EuroSys conference},
  pages={1--15},
  year={2018}
}
@phdthesis{houde2021gestion,
  title={Gestion Automatique d'Environnement Virtuel (GAEV)},
  author={Houde, Loic and Jacob, Daniel and Rabemanantsoa, Tovo and Rey, Jean-Fran{\c{c}}ois},
  year={2021},
  school={INRAE}
}
@inproceedings{damgaard2012multiparty,
  title={Multiparty computation from somewhat homomorphic encryption},
  author={Damg{\aa}rd, Ivan and Pastro, Valerio and Smart, Nigel and Zakarias, Sarah},
  booktitle={Annual Cryptology Conference},
  pages={643--662},
  year={2012},
  organization={Springer}
}

@article{draskovic2017datapace,
  title={Datapace-Decentralized Data Marketplace Based on Blockchain},
  author={Draskovic, Drasco and Saleh, George},
  journal={Datapace},
  year={2017}
}
@inproceedings{yoo2020blockchain,
  title={Blockchain based data marketplace system},
  author={Yoo, Hyunkyung and Ko, Namseok},
  booktitle={2020 International Conference on Information and Communication Technology Convergence (ICTC)},
  pages={1255--1257},
  year={2020},
  organization={IEEE}
}
@inproceedings{damgaard2013practical,
  title={Practical covertly secure MPC for dishonest majority--or: breaking the SPDZ limits},
  author={Damg{\aa}rd, Ivan and Keller, Marcel and Larraia, Enrique and Pastro, Valerio and Scholl, Peter and Smart, Nigel P},
  booktitle={European Symposium on Research in Computer Security},
  pages={1--18},
  year={2013},
  organization={Springer}
}
@article{sims2019blockchain,
  title={Blockchain and Decentralised Autonomous Organisations (DAOs): The Evolution of Companies?},
  author={Sims, Alexandra},
  year={2019}
}
@book{gentry2009fully,
  title={A fully homomorphic encryption scheme},
  author={Gentry, Craig},
  year={2009},
  publisher={Stanford university}
}
@article{lee2022privacy,
  title={Privacy-preserving machine learning with fully homomorphic encryption for deep neural network},
  author={Lee, Joon-Woo and Kang, HyungChul and Lee, Yongwoo and Choi, Woosuk and Eom, Jieun and Deryabin, Maxim and Lee, Eunsang and Lee, Junghyun and Yoo, Donghoon and Kim, Young-Sik and others},
  journal={IEEE Access},
  volume={10},
  pages={30039--30054},
  year={2022},
  publisher={IEEE}
}
@article{goldreich1998secure,
  title={Secure multi-party computation},
  author={Goldreich, Oded},
  journal={Manuscript. Preliminary version},
  volume={78},
  pages={110},
  year={1998},
  publisher={Citeseer}
}
@book{hashimoto2013vagrant,
  title={Vagrant: up and running: create and manage virtualized development environments},
  author={Hashimoto, Mitchell},
  year={2013},
  publisher={" O'Reilly Media, Inc."}
}
@book{hochstein2017ansible,
  title={Ansible: Up and Running: Automating configuration management and deployment the easy way},
  author={Hochstein, Lorin and Moser, Rene},
  year={2017},
  publisher={" O'Reilly Media, Inc."}
}
@book{brikman2019terraform,
  title={Terraform: up \& running: writing infrastructure as code},
  author={Brikman, Yevgeniy},
  year={2019},
  publisher={O'Reilly Media}
}
@book{burns2019kubernetes,
  title={Kubernetes: up and running: dive into the future of infrastructure},
  author={Burns, Brendan and Beda, Joe and Hightower, Kelsey},
  year={2019},
  publisher={O'Reilly Media}
}
@article{suliman2019monetization,
  title={Monetization of IoT data using smart contracts},
  author={Suliman, Ahmed and Husain, Zainab and Abououf, Menatallah and Alblooshi, Mansoor and Salah, Khaled},
  journal={IET Networks},
  volume={8},
  number={1},
  pages={32--37},
  year={2019},
  publisher={IET}
}
@inproceedings{inproceedings,
author = {Gupta, Pooja and Dedeoglu, Volkan and Kanhere, Salil and Jurdak, Raja},
year = {2021},
month = {01},
pages = {366-368},
title = {Towards a blockchain powered IoT data marketplace},
doi = {10.1109/COMSNETS51098.2021.9352865}
}
@article{DBLP:journals/corr/abs-1812-09966,
  author    = {Matias Travizano and
               Carlos Sarraute and
               Gustavo Ajzenman and
               Martin Minnoni},
  title     = {Wibson: {A} Decentralized Data Marketplace},
  journal   = {CoRR},
  volume    = {abs/1812.09966},
  year      = {2018},
  url       = {http://arxiv.org/abs/1812.09966},
  eprinttype = {arXiv},
  eprint    = {1812.09966},
  timestamp = {Wed, 02 Jan 2019 14:40:18 +0100},
  biburl    = {https://dblp.org/rec/journals/corr/abs-1812-09966.bib},
  bibsource = {dblp computer science bibliography, https://dblp.org}
}
@article{DBLP:journals/corr/abs-1811-11462,
  author    = {Prabal Banerjee and
               Sushmita Ruj},
  title     = {Blockchain Enabled Data Marketplace - Design and Challenges},
  journal   = {CoRR},
  volume    = {abs/1811.11462},
  year      = {2018},
  url       = {http://arxiv.org/abs/1811.11462},
  eprinttype = {arXiv},
  eprint    = {1811.11462},
  timestamp = {Fri, 30 Nov 2018 12:44:28 +0100},
  biburl    = {https://dblp.org/rec/journals/corr/abs-1811-11462.bib},
  bibsource = {dblp computer science bibliography, https://dblp.org}
}